%
% BibTex Database
% ===========================================================================
%

@misc{website:shithappens,
	author = "diverse",
	title = "Shithappen",
	month = "May",
	year = "2016",
	url = "https://twitter.com/shithappen"
},

@misc{website:miketoilet,
	author = "diverse",
	title = "Miketoilet",
	month = "May",
	year = "2016",
	url = "https://twitter.com/miketoilet"
},

@misc{website:hacklabtoilet,
	author = "diverse",
	title = "Miketoilet",
	month = "May",
	year = "2016",
	url = "https://twitter.com/hacklabTOilet"
},

@misc{website:iottoilet,
	author = "diverse",
	title = "Internet of things toilet",
	month = "May",
	year = "2016",
	url = "https://www.raspberrypi.org/blog/internet-of-things-toilet/"
},

@misc{website:bfsalter,
	author = "diverse",
	title = "Statistik Alter in der Schweiz",
	month = "May",
	year = "2016",
	url = "http://www.bfs.admin.ch/bfs/portal/de/index/themen/01/02/blank/key/alter/gesamt.html"
},

@misc{website:bfsarbeitsmarkt,
	author = "diverse",
	title = "Statistik Arbeitsmarkt in der Schweiz",
	month = "May",
	year = "2016",
	url = "http://www.bfs.admin.ch/bfs/portal/de/index/themen/01/07/blank/ind43.indicator.43052.430108.html"
},


